% Encoding: UTF-8

@InProceedings{Bao2004,
  author       = {Bao, Ling and Intille, Stephen S},
  title        = {Activity recognition from user-annotated acceleration data},
  booktitle    = {International Conference on Pervasive Computing},
  year         = {2004},
  pages        = {1--17},
  organization = {Springer},
}

@InProceedings{Ravi2005,
  author        = {Ravi, Nishkam and Dandekar, Nikhil and Mysore, Preetham and Littman, Michael L},
  title         = {Activity recognition from accelerometer data},
  booktitle     = {Aaai},
  year          = {2005},
  volume        = {5},
  number        = {2005},
  pages         = {1541--1546},
  __markedentry = {[pauls:]},
}

@Article{Kwapisz2011,
  author        = {Kwapisz, Jennifer R and Weiss, Gary M and Moore, Samuel A},
  title         = {Activity recognition using cell phone accelerometers},
  journal       = {ACM SigKDD Explorations Newsletter},
  year          = {2011},
  volume        = {12},
  number        = {2},
  pages         = {74--82},
  __markedentry = {[pauls:6]},
  publisher     = {ACM},
}

@Comment{jabref-meta: databaseType:bibtex;}
